<?xml version="1.0" encoding="UTF-8"?><collection xmlns="http://www.loc.gov/MARC21/slim"><record><leader>00315nam--2200133-i-4500</leader><controlfield tag="001">000007853</controlfield><controlfield tag="002">20161230</controlfield><controlfield tag="005">20161230201027</controlfield><controlfield tag="008">060222s1000------------r-----000-0-eng-d</controlfield><datafield ind1=" " ind2=" " tag="080"><subfield code="a">62-52</subfield></datafield><datafield ind1=" " ind2=" " tag="245"><subfield code="a">Automata theory</subfield></datafield><datafield ind1=" " ind2=" " tag="260"><subfield code="a">New York, Academic Press, 1966 Xiv + 342 P</subfield></datafield><datafield ind1=" " ind2=" " tag="700"><subfield code="a">E.R.Caianiello</subfield></datafield><datafield ind1=" " ind2=" " tag="852"><subfield code="a">24815</subfield></datafield></record></collection>